%Repalce this with your BibTeX library !

@phdthesis{Batley2015,
	author = {Batley, Joseph Thomas},
	number = {August},
	school = {University of Leeds},
	title = {{Spin Transport in Lateral Spin Valves}},
	year = {2015}
}